@misc{nida_overdose_2024,
  title        = {Overdose Death Rates},
  author       = {{National Institute on Drug Abuse}},
  year         = {2024},
  howpublished = {\url{https://nida.nih.gov/research-topics/trends-statistics/overdose-death-rates}},
  note         = {Accessed: 2024-08-01}
}

@misc{cdc_health_statistics_2024,
  title        = {Latest Health Statistics from NCHS Data},
  author       = {{Centers for Disease Control and Prevention}},
  year         = {2024},
  month        = {May},
  day          = {15},
  howpublished = {\url{https://www.cdc.gov/nchs/pressroom/nchs_press_releases/2024/20240515.htm}},
  note         = {Accessed: 2024-08-01}
}